@InProceedings{RTmain,
  author =       "Ninghui Li and John C. Mitchell and William H. Winsborough",
  title =        "Design of a Role-Based Trust Management Framework",
  booktitle =    "Proceedings of the 2002 IEEE Symposium on Security and Privacy",
  publisher =    "IEEE Computer Society Press",
  month =        "may",
  pages =        "114--130",
  year =         "2002",
}

@article{RTold,
  author=       {Li, Ninghui and Winsborough, William H and Mitchell, John C},
  title=        {Distributed credential chain discovery in trust management},
  journal=      {Journal of Computer Security},
  volume=       {11},
  number=       {1},
  pages=        {35--86},
  year=         {2003},
  publisher=    {IOS Press}
}

@inproceedings{garrison2012,
  title=        {The need for application-aware access control evaluation},
  author=       {Garrison, William C and Lee, Adam J and Hinrichs, Timothy L},
  booktitle=    {Proceedings of the 2012 New Security Paradigms Workshop},
  pages=        {115--126},
  year=         {2012},
  organization= {ACM}
}
