@article{NetflixData,
 title=    {Netflix Prize Data Set },
 journal=  {},
 author=   {Netflix},
 year=     {2009},
 url=      {http://archive.ics.uci.edu/ml/datasets/Netflix+Prize},
}

@inproceedings{narayanan2008robust,
 title=        {Robust de-anonymization of large sparse datasets},
 author=       {Narayanan, Arvind and Shmatikov, Vitaly},
 booktitle=    {Security and Privacy, 2008. SP 2008. IEEE Symposium on},
 pages=        {111--125},
 year=         {2008},
 organization= {IEEE}
}

@manual{NetflixFAQ,
 title  = {Netflix Prize: FAQ},
 author = {Netflix},
 url    = {https://netflixprize.com/faq.html},
 year   = {2009 (accessed April 21, 2018)}
}

@article{narayanan2006break,
 title=      {How to break anonymity of the netflix prize dataset},
 author=     {Narayanan, Arvind and Shmatikov, Vitaly},
 journal=    {arXiv preprint cs/0610105},
 year=       {2006}
}

@inproceedings{prasser2014arx,
 title=        {Arx -- A comprehensive tool for anonymizing biomedical data},
 author=       {Prasser, Fabian and Kohlmayer, Florian and Lautenschlager, Ronald and Kuhn, Klaus A},
 booktitle=    {AMIA Annual Symposium Proceedings},
 pages=        {984},
 year=         {2014},
 organization= {American Medical Informatics Association}
}

@inproceedings{xiaoDP,
 title=        {Privacy Preserving Data Publishing: From k-Anonymity to Differential Privacy},
 author=       {Xiaokui Xiao},
 booktitle=    {Tutorial at IEEE International Conference on Data Science and Cyberspace},
 month=        {Jun},
 year=         {2016},
 url    =      {http://www.itee.uq.edu.au/dke//filething/get/953/Xiao-privacy.pdf},
 organization= {IEEE}
}

@inproceedings{greenDP,
 title=        {What is Differential Privacy?},
 author=       {Matthew Green},
 booktitle=    {A Few Thoughts on Cryptographic Engineering},
 month=        {Jun},
 year=         {2016},
 url    =      {https://blog.cryptographyengineering.com/2016/06/15/what-is-differential-privacy/}
}

@article{dwork2014algorithmic,
  title=        {The algorithmic foundations of differential privacy},
  author=       {Dwork, Cynthia and Roth, Aaron and others},
  journal=      {Foundations and Trends{\textregistered} in Theoretical Computer Science},
  volume=       {9},
  number=       {3--4},
  pages=        {211--407},
  year=         {2014},
  publisher=    {Now Publishers, Inc.}
}
