@article{blumberg2009locational,
  title={On locational privacy, and how to avoid losing it forever},
  author={Blumberg, Andrew J and Eckersley, Peter},
  journal={Electronic frontier foundation},
  volume={10},
  number={11},
  year={2009}
}

@inproceedings{song2014not,
  title={Not So Unique in the Crowd: a Simple and Effective Algorithm for Anonymizing Location Data},
  author={Song, Yi and Dahlmeier, Daniel and Bressan, Stephane},
  booktitle={primarily SIGIR},
  pages={19-24},
  year={2014},
  organization={Citeseer}
}

@article{de2013unique,
  title={Unique in the crowd: The privacy bounds of human mobility},
  author={De Montjoye, Yves-Alexandre and Hidalgo, C{\'e}sar A and Verleysen, Michel and Blondel, Vincent D},
  journal={Scientific reports},
  volume={3},
  pages={1376},
  year={2013},
  publisher={Nature Publishing Group}
}
